@book{holtzblatt1997contextual,
  title={Contextual design: defining customer-centered systems},
  author={Holtzblatt, Karen and Beyer, Hugh},
  year={1997},
  publisher={Elsevier}
}

@inproceedings{suzuki2017tracediff,
  title={Tracediff: Debugging unexpected code behavior using trace divergences},
  author={Suzuki, Ryo and Soares, Gustavo and Head, Andrew and Glassman, Elena and Reis, Ruan and Mongiovi, Melina and D'Antoni, Loris and Hartmann, Bjoern},
  booktitle={2017 IEEE Symposium on Visual Languages and Human-Centric Computing (VL/HCC)},
  pages={107--115},
  year={2017},
  organization={IEEE}
}

@inproceedings{le2018deep,
  title={Deep specification mining},
  author={Le, Tien-Duy B and Lo, David},
  booktitle={Proceedings of the 27th ACM SIGSOFT International Symposium on Software Testing and Analysis},
  pages={106--117},
  year={2018}
}

@article{ammons2002mining,
  title={Mining specifications},
  author={Ammons, Glenn and Bodik, Rastislav and Larus, James R},
  journal={ACM Sigplan Notices},
  volume={37},
  number={1},
  pages={4--16},
  year={2002},
  publisher={ACM New York, NY, USA}
}

@inproceedings{claessen2010quickspec,
  title={QuickSpec: Guessing formal specifications using testing},
  author={Claessen, Koen and Smallbone, Nicholas and Hughes, John},
  booktitle={International Conference on Tests and Proofs},
  pages={6--21},
  year={2010},
  organization={Springer}
}

@article{allen1999mixed,
  title={Mixed-initiative interaction},
  author={Allen, James E and Guinn, Curry I and Horvtz, Eric},
  journal={IEEE Intelligent Systems and their Applications},
  volume={14},
  number={5},
  pages={14--23},
  year={1999},
  publisher={IEEE}
}

@inproceedings{head2020composing,
  title={Composing flexibly-organized step-by-step tutorials from linked source code, snippets, and outputs},
  author={Head, Andrew and Jiang, Jason and Smith, James and Hearst, Marti A and Hartmann, Bj{\"o}rn},
  booktitle={Proceedings of the 2020 CHI Conference on Human Factors in Computing Systems},
  pages={1--12},
  year={2020}
}

@inproceedings{head2017writing,
  title={Writing reusable code feedback at scale with mixed-initiative program synthesis},
  author={Head, Andrew and Glassman, Elena and Soares, Gustavo and Suzuki, Ryo and Figueredo, Lucas and D'Antoni, Loris and Hartmann, Bj{\"o}rn},
  booktitle={Proceedings of the Fourth (2017) ACM Conference on Learning@ Scale},
  pages={89--98},
  year={2017}
}

@inproceedings{head2018interactive,
  title={Interactive extraction of examples from existing code},
  author={Head, Andrew and Glassman, Elena L and Hartmann, Bj{\"o}rn and Hearst, Marti A},
  booktitle={Proceedings of the 2018 CHI Conference on Human Factors in Computing Systems},
  pages={1--12},
  year={2018}
}

@inproceedings{head2019managing,
  title={Managing messes in computational notebooks},
  author={Head, Andrew and Hohman, Fred and Barik, Titus and Drucker, Steven M and DeLine, Robert},
  booktitle={Proceedings of the 2019 CHI Conference on Human Factors in Computing Systems},
  pages={1--12},
  year={2019}
}

@article{goldstein2022some,
  title={Some Problems with Properties},
  author={Goldstein, Harrison and Cutler, Joseph W. and Stein, Adam and Pierce, Benjamin C. and Head, Andrew},
  booktitle={Proceedings of the ACM SPLASH Workshop on Human Aspects of Types and Reasoning Assistants},
  year={2022}
}
