@inproceedings{suzuki2017tracediff,
  title={Tracediff: Debugging unexpected code behavior using trace divergences},
  author={Suzuki, Ryo and Soares, Gustavo and Head, Andrew and Glassman, Elena and Reis, Ruan and Mongiovi, Melina and D'Antoni, Loris and Hartmann, Bjoern},
  booktitle={2017 IEEE Symposium on Visual Languages and Human-Centric Computing (VL/HCC)},
  pages={107--115},
  year={2017},
  organization={IEEE}
}
